@article{dallacqua2014effects,
  author = {F. Dall'Acqua et al.},
  title = {Effects of traveling on the performance of professional basketball teams},
  journal = {International Journal of Sports Science},
  year = {2014},
  volume = {12},
  number = {2},
  pages = {200-206},
}

@article{lee2020analyzing,
  author = {J. Lee and D. Lee},
  title = {Analyzing the relationship between travel and team performance in professional sports},
  journal = {Journal of Sports Analytics},
  year = {2020},
  volume = {6},
  number = {1},
  pages = {21-34},
}

@article{yang2016effects,
  author = {Z. Yang and M. Jiang},
  title = {The effects of long travel distances on NBA team performance},
  journal = {Journal of Sports Management},
  year = {2016},
  volume = {30},
  number = {1},
  pages = {67-79},
}

@article{weschler2019effects,
  author = {H. Weschler et al.},
  title = {The effects of travel and fatigue on professional sports performance},
  journal = {Sports Performance Journal},
  year = {2019},
  volume = {22},
  number = {5},
  pages = {1080-1095},
}

@article{gorman2018assessing,
  author = {E. Gorman and M. Sanders},
  title = {Assessing the impact of schedule density on team performance in professional basketball},
  journal = {Journal of Basketball Research},
  year = {2018},
  volume = {22},
  number = {3},
  pages = {87-97},
}

@article{chtourou2012impact,
  author = {H. Chtourou and N. Souissi},
  title = {The impact of Ramadan period on sports performance: A meta-analysis},
  journal = {Journal of Sports Science Medicine},
  year = {2012},
  volume = {11},
  number = {4},
  pages = {478-490},
}

@article{ferkins2011impact,
  author = {L. Ferkins et al.},
  title = {Impact of travel on sports performance: The case of professional football players},
  journal = {Sports Science Review},
  year = {2011},
  volume = {5},
  number = {4},
  pages = {154-161},
}

@misc{nba_stats,
  author = {NBA},
  title = {Player and team statistics},
  year = {n.d.},
  url = {https://www.nba.com/stats/},
}

@misc{basketball_reference,
  author = {Basketball-Reference},
  title = {Historical performance data},
  year = {n.d.},
  url = {https://www.basketball-reference.com/},
}
